<record><leader>00000cas a22000007a 4500</leader><controlfield tag="001">9352348</controlfield><controlfield tag="008">830328d18871902ksuwr ne      0    0eng d</controlfield><controlfield tag="009">3789</controlfield><datafield ind1=" " ind2=" " tag="010"><subfield code="a">sn 83040014 </subfield></datafield><datafield ind1=" " ind2=" " tag="040"><subfield code="a">KSH</subfield><subfield code="b">eng</subfield><subfield code="c">KSH</subfield><subfield code="d">NPT</subfield></datafield><datafield ind1="1" ind2=" " tag="029"><subfield code="a">AU@</subfield><subfield code="b">000025788211</subfield></datafield><datafield ind1=" " ind2=" " tag="042"><subfield code="a">msc</subfield></datafield><datafield ind1=" " ind2=" " tag="043"><subfield code="a">n-us-ks</subfield></datafield><datafield ind1="0" ind2=" " tag="130"><subfield code="a">Humboldt herald (Humboldt, Kan. : 1887)</subfield></datafield><datafield ind1="0" ind2="4" tag="245"><subfield code="a">The Humboldt herald.</subfield></datafield><datafield ind1=" " ind2=" " tag="260"><subfield code="a">Humboldt, Kan. :</subfield><subfield code="b">S.A.D. Cox,</subfield><subfield code="c">1887-1902.</subfield></datafield><datafield ind1=" " ind2=" " tag="300"><subfield code="a">15 v. :</subfield><subfield code="b">ill. ;</subfield><subfield code="c">49-64 cm.</subfield></datafield><datafield ind1=" " ind2=" " tag="310"><subfield code="a">Weekly</subfield></datafield><datafield ind1="0" ind2=" " tag="362"><subfield code="a">Vol. 1, no. 1 (Aug. 4, 1887)-v. 15, no. 28 (Jan. 31, 1902).</subfield></datafield><datafield ind1=" " ind2=" " tag="500"><subfield code="a">"Democratic." Cf. Ayer, Amer. newspaper annual, 1890.</subfield></datafield><datafield ind1=" " ind2=" " tag="525"><subfield code="a">Supplements accompany some numbers.</subfield></datafield><datafield ind1="1" ind2=" " tag="700"><subfield code="a">Cox, S. A. D.</subfield></datafield><datafield ind1=" " ind2=" " tag="752"><subfield code="a">United States</subfield><subfield code="b">Kansas</subfield><subfield code="c">Allen</subfield><subfield code="d">Humboldt.</subfield></datafield><datafield ind1="0" ind2="5" tag="780"><subfield code="t">Elsmore enterprise (Elsmore, Kan. : 1895)</subfield><subfield code="g">1897</subfield><subfield code="w">(DLC)sn 83040006</subfield></datafield><datafield ind1="0" ind2="0" tag="785"><subfield code="t">Humboldt herald twice-a-week</subfield><subfield code="w">(DLC)sn 86064507</subfield></datafield></record>